@article{liao2019lanczos,
author    = {Renjie Liao and
               Zhizhen Zhao and
               Raquel Urtasun and
               Richard S. Zemel},
title     = {LanczosNet: Multi-Scale Deep Graph Convolutional Networks},
journal   = {arXiv},
volume    = {abs/1901.01484},
year      = {2019},
url       = {http://arxiv.org/abs/1901.01484}
}

@article{kipf2016classification,
author    = {Thomas N. Kipf and
               Max Welling},
title     = {Semi-Supervised Classification with Graph Convolutional Networks},
journal   = {arXiv},
volume    = {abs/1609.02907},
year      = {2016},
url       = {http://arxiv.org/abs/1609.02907}
}

@article{li2018deeper,
author    = {Qimai Li and
               Zhichao Han and
               Xiao{-}Ming Wu},
title     = {Deeper Insights into Graph Convolutional Networks for Semi-Supervised
               Learning},
journal   = {arXiv},
volume    = {abs/1801.07606},
year      = {2018},
url       = {http://arxiv.org/abs/1801.07606}
}

@article{sun2019stage,
author    = {Ke Sun and
               Zhanxing Zhu and
               Zhouchen Lin},
title     = {Multi-Stage Self-Supervised Learning for Graph Convolutional Networks},
journal   = {arXiv},
volume    = {abs/1902.11038},
year      = {2019},
url       = {http://arxiv.org/abs/1902.11038}
}

@article{defferrard2016fast,
author    = {Micha{\"{e}}l Defferrard and
               Xavier Bresson and
               Pierre Vandergheynst},
title     = {Convolutional Neural Networks on Graphs with Fast Localized Spectral
               Filtering},
journal   = {arXiv},
volume    = {abs/1606.09375},
year      = {2016},
url       = {http://arxiv.org/abs/1606.09375}
}

@article{frommer2017block,
  title={Block {Krylov} subspace methods for functions of matrices},
  author={Frommer, Andreas and Lund, Kathryn and Szyld, Daniel B},
  journal={Electronic Transactions on Numerical Analysis},
  volume={47},
  pages={100-126},
  year={2017},
}

@article{ding2010spectral,
author = "Ding, Xue and Jiang, Tiefeng",
journal = "Ann. Appl. Probab.",
month = "12",
number = "6",
pages = "2086-2117",
title = "Spectral distributions of adjacency and {Laplacian} matrices of random graphs",
volume = "20",
year = "2010",
url = "https://doi.org/10.1214/10-AAP677"
}

@article{velivckovic2017attention,
title={Graph attention networks},
author={Veli{\v{c}}kovi{\'c}, Petar and Cucurull, Guillem and Casanova, Arantxa and Romero, Adriana and Lio, Pietro and Bengio, Yoshua},
journal   = {arXiv},
volume    = {abs/1710.10903},
year      = {2017},
}

@article{wu2019survey,
author    = {Zonghan Wu and
               Shirui Pan and
               Fengwen Chen and
               Guodong Long and
               Chengqi Zhang and
               Philip S. Yu},
title     = {A Comprehensive Survey on Graph Neural Networks},
journal   = {arXiv},
volume    = {abs/1901.00596},
year      = {2019},
url       = {http://arxiv.org/abs/1901.00596}
}

@article{bronstein2016geometric,
author    = {Michael M. Bronstein and
               Joan Bruna and
               Yann LeCun and
               Arthur Szlam and
               Pierre Vandergheynst},
title     = {Geometric deep learning: going beyond Euclidean data},
journal   = {arXiv},
volume    = {abs/1611.08097},
year      = {2016},
url       = {http://arxiv.org/abs/1611.08097}
}

@article{bruna2014spectral,
author    = {Joan Bruna and Wojciech Zaremba and Arthur Szlam and Yann LeCun},
title     = {Spectral Networks and Locally Connected Networks on Graphs},
journal   = {arXiv},
volume    = {abs/1312.6203},
year      = {2014},
url       = {http://arxiv.org/abs/1312.6203}
}

@article{hamilton2017inductive,
author    = {William L. Hamilton and
               Rex Ying and
               Jure Leskovec},
title     = {Inductive Representation Learning on Large Graphs},
journal   = {arXiv},
volume    = {abs/1706.02216},
year      = {2017},
url       = {http://arxiv.org/abs/1706.02216}
}

@article{atwood2015diffusion,
author    = {James Atwood and
               Don Towsley},
title     = {Diffusion-Convolutional Neural Networks},
journal   = {arXiv},
volume    = {abs/1511.02136},
year      = {2015},
url       = {http://arxiv.org/abs/1511.02136}
}

@Article{heyouni2005krylov,
author="Heyouni, M.
and Essai, A.",
title="Matrix {Krylov} subspace methods for linear systems with multiple right-hand sides",
journal="Numerical Algorithms",
year="2005",
volume="40",
number="2",
pages="137-156",
url="https://doi.org/10.1007/s11075-005-1526-2"
}

@article{hamilton2017representation,
  title={Representation learning on graphs: Methods and applications},
  author={Hamilton, William L and Ying, Rex and Leskovec, Jure},
  journal={arXiv preprint arXiv:1709.05584},
  year={2017}
}

@inproceedings{huang2017densely,
  title={Densely connected convolutional networks},
  author={Huang, Gao and Liu, Zhuang and Van Der Maaten, Laurens and Weinberger, Kilian Q},
  booktitle={Proceedings of the IEEE conference on computer vision and pattern recognition},
  pages={4700--4708},
  year={2017}
}


@inproceedings{grover2016node2vec,
  title={node2vec: Scalable feature learning for networks},
  author={Grover, Aditya and Leskovec, Jure},
  booktitle={Proceedings of the 22nd ACM SIGKDD international conference on Knowledge discovery and data mining},
  pages={855--864},
  year={2016},
  organization={ACM}
}

@inproceedings{perozzi2014deepwalk,
  title={Deepwalk: Online learning of social representations},
  author={Perozzi, Bryan and Al-Rfou, Rami and Skiena, Steven},
  booktitle={Proceedings of the 20th ACM SIGKDD international conference on Knowledge discovery and data mining},
  pages={701--710},
  year={2014},
  organization={ACM}
}

@inproceedings{monti2017geometric,
  title={Geometric deep learning on graphs and manifolds using mixture model cnns},
  author={Monti, Federico and Boscaini, Davide and Masci, Jonathan and Rodola, Emanuele and Svoboda, Jan and Bronstein, Michael M},
  booktitle={Proceedings of the IEEE Conference on Computer Vision and Pattern Recognition},
  pages={5115--5124},
  year={2017}
}

@inproceedings{gilmer2017neural,
  title={Neural message passing for quantum chemistry},
  author={Gilmer, Justin and Schoenholz, Samuel S and Riley, Patrick F and Vinyals, Oriol and Dahl, George E},
  booktitle={Proceedings of the 34th International Conference on Machine Learning-Volume 70},
  pages={1263--1272},
  year={2017},
  organization={JMLR. org}
}

@inproceedings{li2018adaptive,
  title={Adaptive graph convolutional neural networks},
  author={Li, Ruoyu and Wang, Sheng and Zhu, Feiyun and Huang, Junzhou},
  booktitle={Thirty-Second AAAI Conference on Artificial Intelligence},
  year={2018}
}

@article{lecun1998gradient,
  title={Gradient-based learning applied to document recognition},
  author={LeCun, Yann and Bottou, L{\'e}on and Bengio, Yoshua and Haffner, Patrick and others},
  journal={Proceedings of the IEEE},
  volume={86},
  number={11},
  pages={2278--2324},
  year={1998},
  publisher={Taipei, Taiwan}
}

@article{lecun2015deep,
  title={Deep learning},
  author={LeCun, Yann and Bengio, Yoshua and Hinton, Geoffrey},
  journal={nature},
  volume={521},
  number={7553},
  pages={436},
  year={2015},
  publisher={Nature Publishing Group}
}

@article{hinton2006fast,
  title={A fast learning algorithm for deep belief nets},
  author={Hinton, Geoffrey E and Osindero, Simon and Teh, Yee-Whye},
  journal={Neural computation},
  volume={18},
  number={7},
  pages={1527--1554},
  year={2006},
  publisher={MIT Press}
}

@inproceedings{gori2005new,
  title={A new model for learning in graph domains},
  author={Gori, Marco and Monfardini, Gabriele and Scarselli, Franco},
  booktitle={Proceedings. 2005 IEEE International Joint Conference on Neural Networks, 2005.},
  volume={2},
  pages={729--734},
  year={2005},
  organization={IEEE}
}

@article{zhou2018graph,
  title={Graph neural networks: A review of methods and applications},
  author={Zhou, Jie and Cui, Ganqu and Zhang, Zhengyan and Yang, Cheng and Liu, Zhiyuan and Sun, Maosong},
  journal={arXiv preprint arXiv:1812.08434},
  year={2018}
}

@article{scarselli2009graph,
  title={The graph neural network model},
  author={Scarselli, Franco and Gori, Marco and Tsoi, Ah Chung and Hagenbuchner, Markus and Monfardini, Gabriele},
  journal={IEEE Transactions on Neural Networks},
  volume={20},
  number={1},
  pages={61--80},
  year={2009},
  publisher={IEEE}
}

@inproceedings{duvenaud2015convolutional,
  title={Convolutional networks on graphs for learning molecular fingerprints},
  author={Duvenaud, David K and Maclaurin, Dougal and Iparraguirre, Jorge and Bombarell, Rafael and Hirzel, Timothy and Aspuru-Guzik, Al{\'a}n and Adams, Ryan P},
  booktitle={Advances in neural information processing systems},
  pages={2224--2232},
  year={2015}
}

@article{shuman2012emerging,
  title={The emerging field of signal processing on graphs: Extending high-dimensional data analysis to networks and other irregular domains},
  author={Shuman, David I and Narang, Sunil K and Frossard, Pascal and Ortega, Antonio and Vandergheynst, Pierre},
  journal={arXiv preprint arXiv:1211.0053},
  year={2012}
}

@inproceedings{zhang2018graph,
  title={Graph Convolutional Networks: Algorithms, Applications and Open Challenges},
  author={Zhang, Si and Tong, Hanghang and Xu, Jiejun and Maciejewski, Ross},
  booktitle={International Conference on Computational Social Networks},
  pages={79--91},
  year={2018},
  organization={Springer}
}

@article{chen2018fastgcn,
  title={Fastgcn: fast learning with graph convolutional networks via importance sampling},
  author={Chen, Jie and Ma, Tengfei and Xiao, Cao},
  journal={arXiv preprint arXiv:1801.10247},
  year={2018}
}

@article{chen2017stochastic,
  title={Stochastic training of graph convolutional networks with variance reduction},
  author={Chen, Jianfei and Zhu, Jun and Song, Le},
  journal={arXiv preprint arXiv:1710.10568},
  year={2017}
}

@inproceedings{siegel2016adaptive,
  title={Adaptive neuron apoptosis for accelerating deep learning on large scale systems},
  author={Siegel, Charles and Daily, Jeff and Vishnu, Abhinav},
  booktitle={2016 IEEE International Conference on Big Data (Big Data)},
  pages={753--762},
  year={2016},
  organization={IEEE}
}

@article{frommer2017radau,
  title={The Radau--Lanczos Method for Matrix Functions},
  author={Frommer, Andreas and Lund, Kathryn and Schweitzer, Marcel and Szyld, Daniel B},
  journal={SIAM Journal on Matrix Analysis and Applications},
  volume={38},
  number={3},
  pages={710--732},
  year={2017},
  publisher={SIAM}
}

@article{tran2013sparse,
  title={Sparse random graphs: Eigenvalues and eigenvectors},
  author={Tran, Linh V and Vu, Van H and Wang, Ke},
  journal={Random Structures \& Algorithms},
  volume={42},
  number={1},
  pages={110--134},
  year={2013},
  publisher={Wiley Online Library}
}

@article{hammond2011wavelets,
  title={Wavelets on graphs via spectral graph theory},
  author={Hammond, David K and Vandergheynst, Pierre and Gribonval, R{\'e}mi},
  journal={Applied and Computational Harmonic Analysis},
  volume={30},
  number={2},
  pages={129--150},
  year={2011},
  publisher={Elsevier}
}

@article{coifman2006diffusionmaps,
  title={Diffusion maps},
  author={Coifman, Ronald R and Lafon, St{\'e}phane},
  journal={Applied and computational harmonic analysis},
  volume={21},
  number={1},
  pages={5--30},
  year={2006},
  publisher={Elsevier}
}

@article{coifman2006diffusion,
  title={Diffusion wavelets},
  author={Coifman, Ronald R and Maggioni, Mauro},
  journal={Applied and Computational Harmonic Analysis},
  volume={21},
  number={1},
  pages={53--94},
  year={2006},
  publisher={Elsevier}
}

@article{wang2015improved,
  title={Improved analyses of the randomized power method and block Lanczos method},
  author={Wang, Shusen and Zhang, Zhihua and Zhang, Tong},
  journal={arXiv preprint arXiv:1508.06429},
  year={2015}
}

@inproceedings{musco2015randomized,
  title={Randomized block krylov methods for stronger and faster approximate singular value decomposition},
  author={Musco, Cameron and Musco, Christopher},
  booktitle={Advances in Neural Information Processing Systems},
  pages={1396--1404},
  year={2015}
}

@inproceedings{musco2018stability,
  title={Stability of the lanczos method for matrix function approximation},
  author={Musco, Cameron and Musco, Christopher and Sidford, Aaron},
  booktitle={Proceedings of the Twenty-Ninth Annual ACM-SIAM Symposium on Discrete Algorithms},
  pages={1605--1624},
  year={2018},
  organization={Society for Industrial and Applied Mathematics}
}

@inproceedings{wu2012learning,
  title={Learning with partially absorbing random walks},
  author={Wu, Xiao-Ming and Li, Zhenguo and So, Anthony M and Wright, John and Chang, Shih-Fu},
  booktitle={Advances in Neural Information Processing Systems},
  pages={3077--3085},
  year={2012}
}

@techreport{zhu2002learning,
  title={Learning from labeled and unlabeled data with label propagation},
  author={Zhu, Xiaojin and Ghahramani, Zoubin},
  year={2002},
  institution={Citeseer}
}

@article{li2015gated,
  title={Gated graph sequence neural networks},
  author={Li, Yujia and Tarlow, Daniel and Brockschmidt, Marc and Zemel, Richard},
  journal={arXiv preprint arXiv:1511.05493},
  year={2015}
}

@article{liao2018graph,
  title={Graph partition neural networks for semi-supervised classification},
  author={Liao, Renjie and Brockschmidt, Marc and Tarlow, Daniel and Gaunt, Alexander L and Urtasun, Raquel and Zemel, Richard},
  journal={arXiv preprint arXiv:1803.06272},
  year={2018}
}

@article{sun2019virtual,
  title={Virtual Adversarial Training on Graph Convolutional Networks in Node Classification},
  author={Sun, Ke and Guo, Hantao and Zhu, Zhanxing and Lin, Zhouchen},
  journal={arXiv preprint arXiv:1902.11045},
  year={2019}
}

@article{yang2016revisiting,
  title={Revisiting semi-supervised learning with graph embeddings},
  author={Yang, Zhilin and Cohen, William W and Salakhutdinov, Ruslan},
  journal={arXiv preprint arXiv:1603.08861},
  year={2016}
}

@article{maaten2008visualizing,
  title={Visualizing data using t-SNE},
  author={Maaten, Laurens van der and Hinton, Geoffrey},
  journal={Journal of machine learning research},
  volume={9},
  number={Nov},
  pages={2579--2605},
  year={2008}
}

@article{gutknecht2009block,
  title={The block grade of a block Krylov space},
  author={Gutknecht, Martin H and Schmelzer, Thomas},
  journal={Linear Algebra and its Applications},
  volume={430},
  number={1},
  pages={174--185},
  year={2009},
  publisher={Elsevier}
}

@article{xu2018powerful,
  title={How powerful are graph neural networks?},
  author={Xu, Keyulu and Hu, Weihua and Leskovec, Jure and Jegelka, Stefanie},
  journal={arXiv preprint arXiv:1810.00826},
  year={2018}
}

@article{feng2007rank,
  title={The rank of a random matrix},
  author={Feng, Xinlong and Zhang, Zhinan},
  journal={Applied mathematics and computation},
  volume={185},
  number={1},
  pages={689--694},
  year={2007},
  publisher={Elsevier}
}
